@book{NieChu,
    Author = {Michael A. Nielsen and Isaac L. Chuang},
    Title = {Quantum Computation and Quantum Information: 10th Anniversary Edition},
    Publisher = {Cambridge University Press},
    Year = {2011},
    ISBN = {9781107002173},
} 